<record xmlns="http://www.loc.gov/MARC21/slim" xmlns:xsi="http://www.w3.org/2001/XMLSchema-instance" xsi:schemaLocation="http://www.loc.gov/MARC21/slim http://www.loc.gov/standards/marcxml/schema/MARC21slim.xsd"><leader>02515nam a2200397   4500</leader><controlfield tag="001">1881615</controlfield><controlfield tag="003">NIC</controlfield><controlfield tag="006">m        d        </controlfield><controlfield tag="007">cr cn |||m|||a</controlfield><controlfield tag="008">150223s1983    ir      o     000 0 arard</controlfield><datafield ind1=" " ind2=" " tag="040"><subfield code="a">NNU</subfield><subfield code="b">eng</subfield><subfield code="c">NNU</subfield></datafield><datafield ind1=" " ind2="4" tag="050"><subfield code="a">PJ6101.I23</subfield><subfield code="b">I11 1983</subfield></datafield><datafield ind1="1" ind2=" " tag="100"><subfield code="6">880-01</subfield><subfield code="a">Ibn al-Na&#772;z&#803;im, Muh&#803;ammad ibn Muh&#803;ammad,</subfield><subfield code="d">-1287 or 1288.</subfield></datafield><datafield ind1="1" ind2="0" tag="245"><subfield code="6">880-02</subfield><subfield code="a">Sharh&#803; Alfi&#772;yat Ibn Ma&#772;lik</subfield><subfield code="h">[electronic resource] /</subfield><subfield code="c">li-Ibn al-Na&#772;z&#803;im ; wa-qad s&#803;a&#772;r al-i&#699;tina&#772;&#700; bi-tas&#803;h&#803;i&#772;h&#803;i wa-naqh&#803;ihi ... Muh&#803;ammad ibn Sali&#772;m al-Laba&#772;bi&#772;di&#772;.</subfield></datafield><datafield ind1=" " ind2=" " tag="250"><subfield code="6">880-03</subfield><subfield code="a">Cha&#772;p-i 2.</subfield></datafield><datafield ind1=" " ind2=" " tag="260"><subfield code="6">880-04</subfield><subfield code="a">T&#803;ihra&#772;n, Ira&#772;n :</subfield><subfield code="b">Intisha&#772;ra&#772;t Na&#772;s&#803;ir Khusraw,</subfield><subfield code="c">1362 [1983 or 1984]</subfield></datafield><datafield ind1=" " ind2=" " tag="300"><subfield code="a">online resource (355 p.)</subfield></datafield><datafield ind1=" " ind2=" " tag="500"><subfield code="a">In Arabic; romanized record.</subfield></datafield><datafield ind1=" " ind2=" " tag="500"><subfield code="a">Part of the Arabic Collections Online (ACO) project, contributed by Cornell University Libraries.</subfield></datafield><datafield ind1=" " ind2=" " tag="533"><subfield code="a">Electronic reproduction.</subfield><subfield code="b">New York, N.Y. :</subfield><subfield code="c">New York University,</subfield><subfield code="d">2015.</subfield><subfield code="5">NNU</subfield></datafield><datafield ind1="1" ind2="0" tag="600"><subfield code="6">880-05</subfield><subfield code="a">Ibn Ma&#772;lik, Muh&#803;ammad ibn &#699;Abd Alla&#772;h,</subfield><subfield code="d">-1274.</subfield><subfield code="t">Alfi&#772;yah.</subfield></datafield><datafield ind1="0" ind2="7" tag="630"><subfield code="a">Alfi&#772;yah (Ibn Ma&#772;lik, Muh&#803;ammad ibn &#699;Abd Alla&#772;h)</subfield><subfield code="2">fast</subfield><subfield code="0">(OCoLC)fst01360506</subfield></datafield><datafield ind1="1" ind2=" " tag="700"><subfield code="6">880-06</subfield><subfield code="a">Laba&#772;bi&#772;di&#772;, Muh&#803;ammad ibn Sali&#772;m.</subfield></datafield><datafield ind1="2" ind2=" " tag="710"><subfield code="a">Cornell University.</subfield><subfield code="b">Libraries.</subfield></datafield><datafield ind1="0" ind2=" " tag="730"><subfield code="a">Arabic Collections Online.</subfield></datafield><datafield ind1="0" ind2="8" tag="776"><subfield code="i">Online version:</subfield><subfield code="a">Ibn al-Na&#772;z&#803;im.</subfield><subfield code="t">Sharh&#803; Alfi&#772;yat Ibn Ma&#772;lik.</subfield><subfield code="d">T&#803;ihra&#772;n, Ira&#772;n : Intisha&#772;ra&#772;t Na&#772;s&#803;ir Khusraw, 1362 [1983 or 1984]</subfield><subfield code="w">(OCoLC)645751724</subfield></datafield><datafield ind1="0" ind2="8" tag="776"><subfield code="i">Print version:</subfield><subfield code="a">Ibn al-Na&#772;z&#803;im, Muh&#803;ammad ibn Muh&#803;ammad, -1287 or 1288.</subfield><subfield code="t">Sharh&#803; Alfi&#772;yat Ibn Ma&#772;lik</subfield><subfield code="w">(NIC)1881615</subfield><subfield code="w">(DLC)   85931912 </subfield><subfield code="w">(OCoLC)17927537</subfield></datafield><datafield ind1="4" ind2="0" tag="856"><subfield code="u">http://hdl.handle.net/2333.1/cz8w9jrw</subfield></datafield><datafield ind1="1" ind2=" " tag="880"><subfield code="6">100-01/r</subfield><subfield code="a">&#1575;&#1576;&#1606; &#1575;&#1604;&#1606;&#1575;&#1592;&#1605;&#1548; &#1605;&#1581;&#1605;&#1583; &#1576;&#1606; &#1605;&#1581;&#1605;&#1583;&#1548;</subfield><subfield code="d">-1287 or 1288.</subfield></datafield><datafield ind1="1" ind2="0" tag="880"><subfield code="6">245-02/r</subfield><subfield code="a">&#1588;&#1585;&#1581; &#1575;&#1604;&#1601;&#1610;&#1577; &#1575;&#1576;&#1606; &#1605;&#1575;&#1604;&#1603; /</subfield><subfield code="c">&#1604;&#1575;&#1576;&#1606; &#1606;&#1575;&#1592;&#1605;&#1548; &#1575;&#1576;&#1610; &#1593;&#1576;&#1583; &#1575;&#1604;&#1604;&#1607; &#1576;&#1583;&#1585; &#1575;&#1604;&#1583;&#1610;&#1606; &#1605;&#1581;&#1605;&#1583; &#1576;&#1606; &#1580;&#1605;&#1575;&#1604; &#1575;&#1604;&#1583;&#1610;&#1606; &#1605;&#1581;&#1605;&#1583; &#1576;&#1606; &#1605;&#1575;&#1604;&#1603; &#1563; &#1608;&#1602;&#1583; &#1589;&#1575;&#1585; &#1575;&#1604;&#1575;&#1593;&#1578;&#1606;&#1575;&#1569; &#1576;&#1578;&#1589;&#1581;&#1610;&#1581;&#1607; &#1608;&#1578;&#1606;&#1602;&#1610;&#1581;&#1607; ... &#1576;&#1605;&#1593;&#1585;&#1601;&#1577; &#1605;&#1581;&#1605;&#1583; &#1576;&#1606; &#1587;&#1604;&#1610;&#1605; &#1575;&#1604;&#1604;&#1576;&#1575;&#1576;&#1610;&#1583;&#1610;.</subfield></datafield><datafield ind1=" " ind2=" " tag="880"><subfield code="6">250-03/r</subfield><subfield code="a">&#1670;&#1575;&#1662; 2.</subfield></datafield><datafield ind1=" " ind2=" " tag="880"><subfield code="6">260-04/r</subfield><subfield code="a">&#1591;&#1607;&#1585;&#1575;&#1606; :</subfield><subfield code="b">&#1575;&#1606;&#1578;&#1588;&#1575;&#1585;&#1575;&#1578; &#1606;&#1575;&#1589;&#1585; &#1582;&#1587;&#1585;&#1608;&#1548;</subfield><subfield code="c">1362 [1983 or 1984]</subfield></datafield><datafield ind1="1" ind2="4" tag="880"><subfield code="6">600-05/r</subfield><subfield code="a">&#1575;&#1576;&#1606; &#1605;&#1575;&#1604;&#1603;&#1548; &#1605;&#1581;&#1605;&#1583; &#1576;&#1605; &#1593;&#1576;&#1583; &#1575;&#1604;&#1604;&#1607;.</subfield><subfield code="t">&#1575;&#1604;&#1601;&#1610;&#1577;.</subfield></datafield><datafield ind1="1" ind2=" " tag="880"><subfield code="6">700-06/r</subfield><subfield code="a">&#1604;&#1576;&#1575;&#1576;&#1610;&#1583;&#1610;&#1548; &#1605;&#1581;&#1605;&#1583; &#1576;&#1606; &#1587;&#1604;&#1610;&#1605;.</subfield></datafield><datafield ind1=" " ind2=" " tag="959"><subfield code="a">NNU</subfield><subfield code="b">WEB</subfield><subfield code="c">GENI</subfield><subfield code="t">0</subfield><subfield code="m">Electronic access</subfield><subfield code="s">01</subfield></datafield><datafield ind1=" " ind2=" " tag="999"><subfield code="i">NIC_1881615</subfield><subfield code="o">(OCoLC)ocm17927537</subfield><subfield code="s">cornell_aco000055</subfield></datafield></record>